@book{hanselman,
	author    = {Duane C. Hanselman},
	title     = {Brushless Permanent Magnet Motor Design},
	publisher = {Magna Physics Publishing},
	year      = 2006,
	edition   = 2,
	isbn      = {1-881855-15-5},
	address   = {3000 M Henkle Drive, Lebanon, Ohio 45036"
	}

@article{ishak,
  author  = {Dalaman Ishak, Zi-Qiang Zhu, David Howe}, 
  title   = {Comparison of PM Brushless Motors, Having Either All Teeth or Alternate Teeth Wound},
  journal = {IEEE Transactions on Energy Conversion},
  year    = 2006,
  number  = 1,
  pages   = {95-103},
  month   = 3, 
  volume  = 21
}

@article{bianchi,
  author  = {Nicola Bianchi , Michele Dai Pre}, 
  title   = {Use of the star of slots in designing fractional-slot single-layer synchronous motors},
  journal = {IEE Proceedings - Electric Power Applications},
  year    = 2006,
  number  = 3,
  pages   = {459-466},
  month   = 5, 
  volume  = 153
}